<record><leader>00000cas a22000007a 4500</leader><controlfield tag="001">30371957</controlfield><controlfield tag="008">940503d1922194uokuwr ne      0    0eng d</controlfield><datafield ind1=" " ind2=" " tag="010"><subfield code="a">sn 94058811 </subfield></datafield><datafield ind1=" " ind2=" " tag="040"><subfield code="a">OBN</subfield><subfield code="b">eng</subfield><subfield code="c">OBN</subfield><subfield code="d">OCLCQ</subfield><subfield code="d">OCLCF</subfield><subfield code="d">OCLCO</subfield></datafield><datafield ind1="1" ind2=" " tag="029"><subfield code="a">AU@</subfield><subfield code="b">000025850402</subfield></datafield><datafield ind1=" " ind2=" " tag="042"><subfield code="a">msc</subfield></datafield><datafield ind1="0" ind2="4" tag="245"><subfield code="a">The McCurtain democrat.</subfield></datafield><datafield ind1=" " ind2=" " tag="260"><subfield code="a">Idabel, Okla. :</subfield><subfield code="b">Idabel Pub. Co.</subfield></datafield><datafield ind1=" " ind2=" " tag="300"><subfield code="a">v.</subfield></datafield><datafield ind1=" " ind2=" " tag="310"><subfield code="a">Weekly, Oct. 13, 1922-July 13, 1933</subfield></datafield><datafield ind1=" " ind2=" " tag="321"><subfield code="a">Semiweekly, Apr. 18, 1922-Sept. 6, 1922</subfield></datafield><datafield ind1="0" ind2=" " tag="362"><subfield code="a">Vol. 20, no. 46 (Apr. 18, 1922)-</subfield></datafield><datafield ind1=" " ind2="0" tag="651"><subfield code="a">Idabel (Okla.)</subfield><subfield code="v">Newspapers.</subfield></datafield><datafield ind1=" " ind2="0" tag="651"><subfield code="a">McCurtain County (Okla.)</subfield><subfield code="v">Newspapers.</subfield></datafield><datafield ind1=" " ind2="7" tag="655"><subfield code="a">Newspapers.</subfield><subfield code="2">fast</subfield><subfield code="0">(OCoLC)fst01423814</subfield></datafield><datafield ind1=" " ind2="7" tag="651"><subfield code="a">Oklahoma</subfield><subfield code="z">Idabel.</subfield><subfield code="2">fast</subfield><subfield code="0">(OCoLC)fst01220338</subfield></datafield><datafield ind1=" " ind2="7" tag="651"><subfield code="a">Oklahoma</subfield><subfield code="z">McCurtain County.</subfield><subfield code="2">fast</subfield><subfield code="0">(OCoLC)fst01248660</subfield></datafield><datafield ind1=" " ind2=" " tag="752"><subfield code="a">United States</subfield><subfield code="b">Oklahoma</subfield><subfield code="c">McCurtain</subfield><subfield code="d">Idabel.</subfield></datafield><datafield ind1="0" ind2="0" tag="780"><subfield code="t">Idabel news</subfield><subfield code="w">(DLC)sn 94058810</subfield><subfield code="w">(OCoLC)30371639</subfield></datafield></record>